%% Saved with string encoding Unicode (UTF-8) 

@book{SolvingODEs,
	Address = {Berlin},
	Author = {Hairer, E. and N{ø}rsett, S. P. and Wanner, G.},
	Publisher = {Springer},
	Title = {Solving Ordinary Differential Equations 1},
	Edition = {Second Revised},
	Year = {2008},
}

@book{NumericalAnalysis,
	Address = {Berlin},
	Author = {Stoer, J. and Bulirsch, R},
	Publisher = {Springer},
	Title = {Introduction to Numerical Analysis},
	Edition = {Third},
	Year = {1996},
}

@book{Strogatz,
	Address = {Boulder},
	Author = {Strogatz, S. H.},
	Publisher = {Westview Press},
	Title = {Nonlinear Dynamics and Chaos: with applications to physics, biology, chemistry, and engineering},
	Edition = {Second},
	Year = {2014},
}

@book{Arnold,
	Address = {Cambridge, MA},
	Author = {Arnold, V. I.},
	Publisher = {MIT Press},
	Title = {Ordinary Differential Equations},
	Year = {1973},
}

@book{Truesdell&Noll,
	Address = {Berlin},
	Author = {Truesdell, C. and Noll, W.},
	Publisher = {Springer},
	Title = {The Non-Linear Field Theories of Mechanics},
	Edition = {Third},
	Year = {2004},
}

@book{trefethen97,
	Address = {Philadelphia, PA},
  	Author = {Trefethen, Lloyd N. and Bau, David},
  	Publisher = {SIAM},
	Title = {Numerical Linear Algebra},
	Edition = {First},
	Year = {1997},
}

@book{numpy,
 	author = {Oliphant, Travis E.},
 	title = {Guide to {N}um{P}y},
 	year = {2015},
 	edition = {2nd},
	publisher = {CreateSpace Independent Publishing Platform},
 	address = {USA},
} 	

@book{Delaunay,
	author = {Berg, Mark de and Cheong, Otfried and Kreveld, Marc van and Overmars, Mark},
	title = {Computational Geometry: Algorithms and Applications},
	year = {2008},
	edition = {3rd ed.},
	publisher = {Springer-Verlag TELOS},
	address = {Santa Clara, CA, USA},
} 

@article{Haller12,
	author = {Mohammad Farazmand and George Haller},
	title = {Computing {L}agrangian coherent structures from their variational theory},
	journal = {Chaos: An Interdisciplinary Journal of Nonlinear Science},
	volume = {22},
	number = {1},
	pages = {013128},
	year = {2012},
}

@article{Haller14,
	title = {A variational theory of hyperbolic {L}agrangian Coherent Structures},
	journal = {Physica D: Nonlinear Phenomena},
	volume = {240},
	number = {7},
	pages = {574 - 598},
	year = {2011},
	author = {George Haller},
}

@article{Haller14Errata,
	title = {Erratum and addendum to “{A} variational theory of hyperbolic {L}agrangian coherent structures” [{P}hysica {D} 240 (2011) 574–598]},
	journal = {Physica D: Nonlinear Phenomena},
	volume = {241},
	number = {4},
	pages = {439 - 441},
	year = {2012},
	author = {Mohammad Farazmand and George Haller},
}

@article{LCSreview,
	author = {George Haller},
	title = {{L}agrangian Coherent Structures},
	journal = {Annual Review of Fluid Mechanics},
	volume = {47},
	number = {1},
	pages = {137-162},
	year = {2015},
}


@article{LCStool,
	title = {{LCS} {T}ool: A computational platform for {L}agrangian coherent structures},
	journal = {Journal of Computational Science},
	volume = {7},
	number = {Supplement C},
	pages = {26 - 36},
	year = {2015},
	author = {K. Onu and F. Huhn and G. Haller},
}

@article{Shadden05,
	title = {Definition and properties of {L}agrangian coherent structures from finite-time {L}yapunov exponents in two-dimensional aperiodic flows},
	journal = {Physica D: Nonlinear Phenomena},
	volume = {212},
	number = {3},
	pages = {271 - 304},
	year = {2005},
	author = {Shawn C. Shadden and Francois Lekien and Jerrold E. Marsden},
}

@article{Lekien&Ross,
	author = {Francois Lekien and Shane D. Ross},
	title = {The computation of finite-time {L}yapunov exponents on unstructured meshes and for non-{E}uclidean manifolds},
	journal = {Chaos: An Interdisciplinary Journal of Nonlinear Science},
	volume = {20},
	number = {1},
	pages = {017505},
	year = {2010},
}

@article{Bieberbach51,
	author = {Bieberbach, Ludwig},
	title = {On the remainder of the {R}unge-{K}utta formula in the theory of ordinary differential equations},
	journal = {Zeitschrift fur angewandte Mathematik und Physik ZAMP},
	year = {1951},
	month = {Jul},
	volume = {2},
	number = {4},
	pages = {233-248},
}

@article{Tricubic,
	author = {Lekien, F and J. E., Marsden},
	year = {2005},
	month = {05},
	title = {Tricubic Interpolation in Three Dimensions},
	volume = {63},
	Journal = {International Journal for Numerical Methods in Engineering},
}

@article{Mancho,
	title = {A comparison of methods for interpolating chaotic flows from discrete velocity data},
	journal = {Computers \& Fluids},
	volume = {35},
	number = {4},
	pages = {416-428},
	year = {2006},
	author = {Ana M. Mancho and Des Small and Stephen Wiggins},
}

@article{TimeInterpolation,
	title = {Computer Modeling of Oil Spill Trajectories With a High Accuracy Method},
	journal = {Spill Science \& Technology Bulletin},
	volume = {5},
	number = {5},
	pages = {323-330},
	year = {1999},
	author = {Reinaldo García-Martínez and Henry Flores-Tovar},
}

@article{OceanAnalysis,
	title = {{L}agrangian ocean analysis: Fundamentals and practices},
	journal = {Ocean Modelling},
	volume = {121},
	pages = {49-75},
	year = {2018},
	author = {Erik van Sebille and others},
}

@article{HallerAndYuan,
	title = {{L}agrangian coherent structures and mixing in two-dimensional turbulence},
	journal = {Physica D: Nonlinear Phenomena},
	volume = {147},
	number = {3},
	pages = {352 - 370},
	year = {2000},
	author = {G. Haller and G. Yuan},
}


@unpublished{Mexican,
	author = {K. Gough and others},
	year = {2017},
	month = {10},
	title = {Persistent {L}agrangian transport patterns in the northwestern {G}ulf of {M}exico},
	Note = {arXiv:1710.04027 [physics.ao-ph]},
}


@article{Oettinger,
	author = {David Oettinger and George Haller},
	title = {An autonomous dynamical system captures all {LCS}s in three-dimensional unsteady flows},
	journal = {Chaos: An Interdisciplinary Journal of Nonlinear Science},
	volume = {26},
	number = {10},
	pages = {103111},
	year = {2016},
}


@article{Survey,
	title = {A survey of method's for computing (un)stable manifold of vector fields},
	author = {B. Krauskopf and H.M. Osinga and E.J. Doedel and M.E. Henderson and J. Guckenheimer and A. Vladimirsky and M. Dellnitz and O. Junge},
	year = {2005},
	pages = {763 - 791},
	journal = {International Journal of Bifurcation and Chaos},
	volume = {15},
}

@article{VariationalEquations,
	title = {Anisotropic mesh adaptation on {L}agrangian Coherent Structures},
	journal = {Journal of Computational Physics},
	volume = {231},
	number = {19},
	pages = {6419 - 6437},
	year = {2012},
	author = {Philippe Miron and Jérôme Vétel and André Garon and Michel Delfour and Mouhammad El Hassan},
}
"
@article{Blazevski,
	title = {Hyperbolic and elliptic transport barriers in three-dimensional unsteady flows},
	journal = {Physica D: Nonlinear Phenomena},
	volume = {273-274},
	pages = {46 - 62},
	year = {2014},
	author = {Daniel Blazevski and George Haller},
}

@article{GeodesicLevelSets,
	author = {Bernd Krauskopf and Hinke M. Osinga},
	title = {Computing Geodesic Level Sets on Global (Un)stable Manifolds of Vector Fields},
	journal = {SIAM Journal on Applied Dynamical Systems},
	volume = {2},
	number = {4},
	pages = {546-569},
	year = {2003},
}

@article{Dormand-Prince1980,
	title = {A family of embedded {R}unge-{K}utta formulae},
	journal = {Journal of Computational and Applied Mathematics},
	volume = {6},
	number = {1},
	pages = {19 - 26},
	year = {1980},
	author = {J.R. Dormand and P.J. Prince},
}

@article{Dormand-Prince1981,
	title = {High order embedded {R}unge-{K}utta formulae},
	journal = {Journal of Computational and Applied Mathematics},
	volume = {7},
	number = {1},
	pages = {67 - 75},
	year = {1981},
	author = {P.J. Prince and J.R. Dormand},
}

@article{Watkins05,
	author = {David S. Watkins},
	title = {Product Eigenvalue Problems},
	journal = {SIAM Review},
	volume = {47},
	number = {1},
	pages = {3-40},
	year = {2005},
}

@article{MollerTrumbore,
	author = {Tomas Möller and  Ben Trumbore},
	title = {Fast, Minimum Storage Ray-Triangle Intersection},
	journal = {Journal of Graphics Tools},
	volume = {2},
	number = {1},
	pages = {21-28},
	year  = {1997},
}

@article{article,
	author = {Blazevski, Daniel and Haller, George},
	year = {2013},
	month = {06},
	pages = {},
	title = {Hyperbolic and Elliptic Transport Barriers in Three-Dimensional Unsteady Flows},
	volume = {273},
	journal = {Physica D Nonlinear Phenomena}
}

@article{Sylvester,
	author = {George T. Gilbert},
	journal = {The American Mathematical Monthly},
	number = {1},
	pages = {44--46},
	publisher = {Mathematical Association of America},
	title = {Positive Definite Matrices and {S}ylvester's Criterion},
	volume = {98},
	year = {1991}
}

@misc{Williams18,
	author = {Jacob Williams},
	title = {{B}spline-{F}ortran: Multidimensional {B}-Spline Interpolation of Data on a Regular Grid},
	month = {04},
	year = {2018 (accessed May 11, 2018)},
	howpublished = {\url{https://doi.org/10.5281/zenodo.1215290}},
}

@misc{PeacockTracers,
	author = {Margaux Filippi and Matthew Rayson and Alireza Hadjighasem and Gregory N Ivey and Ryan Lowe and James Gilmour and Thomas Peacock},
	title = {The detection of {L}agrangian Transport Structures in a coral reef atoll},
	month = {02},
	year = {2018 (accessed May 28, 2018)},
	howpublished = {\url{https://agu.confex.com/agu/os18/meetingapp.cgi/Paper/317787}},
}

@misc{Filippi,
	author = {Shane D Ross and Irina Rypina and Shawn Shadden and Thomas Peacock},
	title = {Targeted drifter deployments around {M}artha's {V}ineyard to uncover {L}agrangian transport structures},
	month = {02},
	year = {2018 (accessed May 28, 2018)},
	howpublished = {\url{https://doi.org/10.5281/zenodo.1215290}},
}

@unpublished{Nordgreen17,
	author = {S. Nordgreen},
	year = {2017},
	month = {12},
	title = {Sensitivity of Variational Method for Identification of Hyperbolic {L}agrangian Coherent Structures to Interpolation Scheme and Sampling Frequency},
}

@article{OptimalInterpolation,
	title = {Optimal interpolation schemes for particle tracking in turbulence},
	author = {van Hinsberg, M. A. T. and Boonkkamp, J. H. M. ten Thije and Toschi, F. and Clercx, H. J. H.},
  	journal = {Phys. Rev. E},
  	volume = {87},
  	issue = {4},
  	pages = {043307},
  	numpages = {8},
  	year = {2013},
  	month = {Apr},
  	publisher = {American Physical Society},
}

